@misc{gazebo_ros2_control,
  author = {{ROS-Controls Team}},
  title = {gazebo_ros2_control: A ROS 2 plugin for integrating Gazebo and ros2_control},
  howpublished = {\url{https://github.com/ros-controls/gazebo_ros2_control}},
  year = {2024},
  note = {Accessed: 2024-12-17}
}

@misc{mujoco,
  author = {{Google DeepMind}},
  title = {MuJoCo: Multi-Joint dynamics with Contact},
  howpublished = {\url{https://github.com/google-deepmind/mujoco}},
  year = {2024},
  note = {Accessed: 2024-12-17}
}

@misc{ros2_control,
  author = {{ROS-Controls Team}},
  title = {ros2_control: A generic and flexible control framework for ROS 2},
  howpublished = {\url{https://github.com/ros-controls/ros2_control}},
  year = {2024},
  note = {Accessed: 2024-12-17}
}