@inproceedings{todorov2012mujoco,
  title={MuJoCo: A physics engine for model-based control},
  author={Todorov, Emanuel and Erez, Tom and Tassa, Yuval},
  booktitle={2012 IEEE/RSJ International Conference on Intelligent Robots and Systems},
  pages={5026--5033},
  year={2012},
  organization={IEEE},
  doi={10.1109/IROS.2012.6386109}
}

@inproceedings{Koenig-2004-394,
  author = "Nathan Koenig and Andrew Howard",
  title = "Design and Use Paradigms for Gazebo, An Open-Source Multi-Robot Simulator",
  booktitle = "IEEE/RSJ International Conference on Intelligent Robots and Systems",
  pages = "2149-2154",
  address = "Sendai, Japan",
  month = "Sep",
  year = "2004",
}

@inproceedings{tang2023industreal,
    author = {Bingjie Tang and Michael A Lin and Iretiayo Akinola and Ankur Handa and Gaurav S Sukhatme and Fabio Ramos and Dieter Fox and Yashraj Narang},
    title = {IndustReal: Transferring contact-rich assembly tasks from simulation to reality},
    booktitle = {Robotics: Science and Systems},
    year = {2023}
}

@article{wei2022coacd,
  title={Approximate convex decomposition for 3d meshes with collision-aware concavity and tree search},
  author={Wei, Xinyue and Liu, Minghua and Ling, Zhan and Su, Hao},
  journal={ACM Transactions on Graphics (TOG)},
  volume={41},
  number={4},
  pages={1--18},
  year={2022},
  publisher={ACM New York, NY, USA}
}

@misc{ros2_control,
  author = {{ROS-Controls Team}},
  title = {ros2_control: A generic and flexible control framework for ROS 2},
  howpublished = {\url{https://github.com/ros-controls/ros2_control}},
  year = {2024},
  note = {Accessed: 2024-12-17}
}

@misc{ gz_ros2_control,
  author = {{ROS-Controls Team}},
  title = {gz_ros2_control: Connect the latest version of Gazebo with ros2_control.},
  howpublished = {\url{https://github.com/ros-controls/gz_ros2_control}},
  year = {2025},
  note = {Accessed: 2025-03-03}
}

@misc{gazebo_ros2_control,
  author = {{ROS-Controls Team}},
  title = {gazebo_ros2_control: A ROS 2 plugin for integrating Gazebo and ros2_control},
  howpublished = {\url{https://github.com/ros-controls/gazebo_ros2_control}},
  year = {2024},
  note = {Accessed: 2024-12-17}
}

@misc{franka_description,
  author = {{FRANKA ROBOTICS}},
  title = {franka_description: Official models of Franka Robotics GmbH robots},
  howpublished = {\url{https://github.com/frankaemika/franka_description}},
  year = {2024},
  note = {Accessed: 2024-12-17}
}